@book{MainTextbook,
  title     = {x86汇编语言：从实模式到保护模式},
  publisher = {电子工业出版社},
  author    = {李忠 and 王晓波 and 余洁},
  year      = {2013}
}

@book{CSAPP,
  title      = {Computer Systems: A Programmer's Perspective},
  author     = {Randal E Bryant and David R O'Hallaron},
  edition    = {中译本: 深入理解计算机系统 (origin) 3rd},
  translator = {龚奕利 and 贺莲},
  year       = {2016},
  publisher  = {机械工业出版社}
}

@book{HuiBianYuYan,
  title     = {汇编语言},
  publisher = {清华大学出版社},
  author    = {王爽},
  edition   = {3rd},
  year      = {2013}
}

@book{Zorich:MA,
  title     = {Mathematical Analysis},
  edition        = {中译本: 数学分析 (origin) 7rd},
  publisher = {高等教育出版社},
  author    = {V A Zorich},
  year      = {2019}
}